<?xml version="1.0" encoding="UTF-8"?><collection xmlns="http://www.loc.gov/MARC21/slim"><record><leader>00450nam--2200145-i-4500</leader><controlfield tag="001">000010686</controlfield><controlfield tag="002">20161230</controlfield><controlfield tag="005">20170207234445</controlfield><controlfield tag="008">060222s1000------------r-----000-0-eng-d</controlfield><datafield ind1=" " ind2=" " tag="100"><subfield code="a">Devlamynck-Giammancheri, Suzanne</subfield></datafield><datafield ind1=" " ind2=" " tag="245"><subfield code="a">L electro-oculographie pendulaire. (poursuite de type sinusoidal). Physiologie et enregistrement</subfield><subfield code="b">these</subfield></datafield><datafield ind1=" " ind2=" " tag="260"><subfield code="a">Tours</subfield><subfield code="b">Faculte De Medicine</subfield><subfield code="c">1972</subfield></datafield><datafield ind1=" " ind2=" " tag="300"><subfield code="a">98+XII p</subfield></datafield><datafield ind1=" " ind2=" " tag="852"><subfield code="a">612</subfield></datafield><datafield ind1=" " ind2=" " tag="CAT"><subfield code="a">SYS</subfield><subfield code="c">20170207</subfield><subfield code="h">234445</subfield></datafield></record></collection>